@book{coqart,
    author = {Bertot, Yves and Cast{\'{e}}ran, Pierre},
    keywords = {coq},
    priority = {0},
    publisher = {Springer-Verlag},
    title = {{Interactive Theorem Proving and Program Development, Coq'Art:the Calculus of Inductive Constructions}},
    url = {http://www.labri.fr/perso/casteran/CoqArt/index.html},
    year = {2004}
}
@misc{Coqrefman,
    author = {Team, Coq D.},
    comment = {\url{http://coq.inria.fr/}},
    priority = {0},
    title = {The {C}oq proof assistant reference manual, version 8.4},
    year = {September 2012}
}
@book{Pierce12,
  author = {Benjamin C. Pierce and Chris Casinghino and 
                  Michael Greenberg and C\v{a}t\v{a}lin Hri\c{t}cu and Vilhelm Sjoberg and Brent Yorgey},
  title = {Software Foundations},
  year = {2012},
  publisher = {Electronic textbook},
  plclub = {Yes},
  bcp = {Yes},
  keys = {poplmark,books},
  ebook = {http://www.cis.upenn.edu/~bcpierce/sf},
  japanese = {http://proofcafe.org/sf}
}
